<record><leader>00000cas a22000007a 4500</leader><controlfield tag="001">11819064</controlfield><controlfield tag="008">850318d1863186uutuwr ne     f0    0eng d</controlfield><datafield ind1=" " ind2=" " tag="010"><subfield code="a">sn 85058063 </subfield></datafield><datafield ind1=" " ind2=" " tag="040"><subfield code="a">UNP</subfield><subfield code="b">eng</subfield><subfield code="c">UNP</subfield><subfield code="d">YOX</subfield><subfield code="d">NJW</subfield><subfield code="d">KRTAS</subfield><subfield code="d">OCLCQ</subfield><subfield code="d">OCLCO</subfield><subfield code="d">OCLCF</subfield></datafield><datafield ind1="1" ind2=" " tag="029"><subfield code="a">AU@</subfield><subfield code="b">000025805891</subfield></datafield><datafield ind1=" " ind2=" " tag="042"><subfield code="a">msc</subfield></datafield><datafield ind1=" " ind2=" " tag="043"><subfield code="a">n-us-ut</subfield></datafield><datafield ind1=" " ind2="4" tag="050"><subfield code="a">F821</subfield><subfield code="b">.D33x</subfield></datafield><datafield ind1="0" ind2="4" tag="245"><subfield code="a">The Union vedette.</subfield></datafield><datafield ind1="3" ind2="0" tag="246"><subfield code="a">Weekly union vedette</subfield></datafield><datafield ind1=" " ind2=" " tag="260"><subfield code="a">Camp Douglas, Utah Territory :</subfield><subfield code="b">Officers and enlisted men of the California Volunteers,</subfield><subfield code="c">1863-</subfield></datafield><datafield ind1=" " ind2=" " tag="300"><subfield code="a">v. ;</subfield><subfield code="c">38 cm.</subfield></datafield><datafield ind1=" " ind2=" " tag="310"><subfield code="a">Weekly</subfield></datafield><datafield ind1="0" ind2=" " tag="362"><subfield code="a">Vol. 1, no. 1 (Nov. 20, 1863)-</subfield></datafield><datafield ind1=" " ind2=" " tag="530"><subfield code="a">Available on microfilm.</subfield></datafield><datafield ind1=" " ind2=" " tag="580"><subfield code="a">Daily eds: Daily vedette, 1864, and: Daily union vedette, 1864-1867.</subfield></datafield><datafield ind1=" " ind2="0" tag="651"><subfield code="a">Fort Douglas (Utah)</subfield><subfield code="v">Periodicals.</subfield></datafield><datafield ind1=" " ind2="7" tag="655"><subfield code="a">Periodicals.</subfield><subfield code="2">fast</subfield><subfield code="0">(OCoLC)fst01411641</subfield></datafield><datafield ind1=" " ind2="7" tag="651"><subfield code="a">Utah</subfield><subfield code="z">Fort Douglas.</subfield><subfield code="2">fast</subfield><subfield code="0">(OCoLC)fst01207545</subfield></datafield><datafield ind1="1" ind2=" " tag="710"><subfield code="a">United States.</subfield><subfield code="b">Army.</subfield><subfield code="b">California Infantry Regiment, 3rd.</subfield></datafield><datafield ind1=" " ind2=" " tag="752"><subfield code="a">United States</subfield><subfield code="b">Utah</subfield><subfield code="c">Salt Lake</subfield><subfield code="d">Camp Douglas.</subfield></datafield><datafield ind1=" " ind2=" " tag="752"><subfield code="a">United States</subfield><subfield code="b">Utah</subfield><subfield code="c">Salt Lake</subfield><subfield code="d">Salt Lake City.</subfield></datafield><datafield ind1="1" ind2=" " tag="775"><subfield code="t">Daily vedette</subfield><subfield code="w">(DLC)sn 85058064</subfield><subfield code="w">(OCoLC)11819099</subfield></datafield><datafield ind1="1" ind2=" " tag="775"><subfield code="t">Daily union vedette</subfield><subfield code="w">(DLC)sn 85058065</subfield><subfield code="w">(OCoLC)11819118</subfield></datafield><datafield ind1=" " ind2=" " tag="938"><subfield code="a">Kirtas Technologies, Inc.</subfield><subfield code="b">KRTS</subfield><subfield code="n">739077</subfield></datafield></record>